%%%%%%%%%%%%%%%%%%%%%%%%%%%%%%%%%%%%%%%%%%%%%%%%%%%%%%%%%%%%%%%%%%%%%%%%%%%
%% File : template.bib
%% Date : Saturday Sep 15 15:54:56 2018
%% Author : frc1
%%%%%%%%%%%%%%%%%%%%%%%%%%%%%%%%%%%%%%%%%%%%%%%%%%%%%%%%%%%%%%%%%%%%%%%%%%%
%% Description : Sample bibliography file
%% WARNING : To be used with biblatex and biber, this file should be
%%           UTF-8 encoded
%%%%%%%%%%%%%%%%%%%%%%%%%%%%%%%%%%%%%%%%%%%%%%%%%%%%%%%%%%%%%%%%%%%%%%%%%%%
%% Usage :
%%  1) add the lines in the preamble of your document:
%%    \usepackage[backend=biber, style=ieee]{biblatex}
%%    \addbibresource{template.bib}
%%                  
%% 2) Compile the document at least once (preferably with lualatex), e.g.
%%    lualatex template.tex
%%	
%% 3) Run the command "biber" on your document, e.g.
%%    biber template
%%
%% 4) Compile the document twice with lualatex
%%%%%%%%%%%%%%%%%%%%%%%%%%%%%%%%%%%%%%%%%%%%%%%%%%%%%%%%%%%%%%%%%%%%%%%%%%%
@misc{sf,
    author    = "lingarogroup.com",
    title     = "8-advantages-of-business-intelligence-solutions-over-excel-reporting",
    url       = "https://lingarogroup.com/8-advantages-of-business-intelligence-solutions-over-excel-reporting/"
}

@article{eeles2005capturing,
  title={Capturing architectural requirements},
  author={Eeles, Peter},
  journal={IBM Rational developer works},
  year={2005}
}

@article{microsoft-blazor,
author = "microsoft.com",
 url = "https://docs.microsoft.com/en-gb/aspnet/core/blazor/"
}

@misc{blazor,
    author    ="Marcel Pfahrer",
    title     = "E-Business and Web â€“ Web Technologies, Blazor, 2019/20"
   }
   @misc{starhistory,
    author    = "Github",
    title     = "Star history",
    url       = "https://star-history.t9t.io/"
}

 @misc{interest-over-time,
    author    = "Trends.google.com",
    title     = "Interest over time",
    url       = "https://trends.google.com/trends/explore?cat=733&date=today%205-y&q=React,Vue,Angular,blazor"
}
@misc{ef,
    author    = "Microsoft.com",
    title     = "Entity Framework Core",
    url       = "https://docs.microsoft.com/en-us/ef/"
}


@book{efa,
    title = {Entity Framework in Action},
    author = { Jon P Smith},
    isbn = {9781617294563},
    year = {2018}
   
}
@book{efa2,
    title = {Mastering Entity Framework Core
2.0},
    author = { Prabhakaran Anbazhagan},
    isbn = {978-1-78829-413-3},
    year = {2017}
   
}
@book{core3,
    title = {Pro ASP.NET Core 3},
    author = { Adam Freeman},
    isbn = {978-1-4842-5439-4},
    year = {2020}
   
}
@book{core3,
    title = {Pro ASP.NET Core 3},
    author = { Adam Freeman},
    isbn = {978-1-4842-5439-4},
    year = {2020}
   
}
    