%%%%%%%%%%%%%%%%%%%%%%%%%%%%%%%%%%%%%%%%%%%%%%%%%%%%%%%%%%%%%%%%%%%%%%%%%%%
%% File : template.bib
%% Date : Saturday Sep 15 15:54:56 2018
%% Author : frc1
%%%%%%%%%%%%%%%%%%%%%%%%%%%%%%%%%%%%%%%%%%%%%%%%%%%%%%%%%%%%%%%%%%%%%%%%%%%
%% Description : Sample bibliography file
%% WARNING : To be used with biblatex and biber, this file should be
%%           UTF-8 encoded
%%%%%%%%%%%%%%%%%%%%%%%%%%%%%%%%%%%%%%%%%%%%%%%%%%%%%%%%%%%%%%%%%%%%%%%%%%%
%% Usage :
%%  1) add the lines in the preamble of your document:
%%    \usepackage[backend=biber, style=ieee]{biblatex}
%%    \addbibresource{template.bib}
%%                  
%% 2) Compile the document at least once (preferably with lualatex), e.g.
%%    lualatex template.tex
%%
%% 3) Run the command "biber" on your document, e.g.
%%    biber template
%%
%% 4) Compile the document twice with lualatex
%%%%%%%%%%%%%%%%%%%%%%%%%%%%%%%%%%%%%%%%%%%%%%%%%%%%%%%%%%%%%%%%%%%%%%%%%%%




@article{Saha:2017:BUG:3131227.3131229,
 author = {Saha, Amit},
 title = {Back Up GitHub Repositories Using Golang},
 journal = {Linux J.},
 issue_date = {July 2017},
 volume = {2017},
 number = {279},
 month = jul,
 year = {2017},
 issn = {1075-3583},
 articleno = {2},
 url = {http://dl.acm.org/citation.cfm?id=3131227.3131229},
 acmid = {3131229},
 publisher = {Belltown Media},
 address = {Houston, TX},
} 


@inproceedings{Diniz:2017:UGO:3100317.3100324,
 author = {Diniz, Guilherme C. and Silva, Marco A. Graciotto and Gerosa, Marco A. and Steinmache, Igor},
 title = {Using Gamification to Orient and Motivate Students to Contribute to {OSS} Projects},
 booktitle = {Proceedings of the 10th International Workshop on Cooperative and Human Aspects of Software Engineering},
 series = {CHASE '17},
 year = {2017},
 isbn = {978-1-5386-4039-5},
 location = {Buenos Aires, Argentina},
 pages = {36--42},
 numpages = {7},
 url = {https://doi.org/10.1109/CHASE.2017.7},
 doi = {10.1109/CHASE.2017.7},
 acmid = {3100324},
 publisher = {IEEE Press},
 address = {Piscataway, NJ, USA},
 keywords = {engagement, gamification, motivation, newcomers, open source software, students},
}

@book{Jerald:2015:VBH:2792790,
 author = {Jerald, Jason},
 title = {The VR Book: Human-Centered Design for Virtual Reality},
 year = {2016},
 isbn = {978-1-97000-112-9},
 publisher = {Association for Computing Machinery and Morgan \& Claypool},
 address = {New York, NY, USA},
} 